<record xmlns:xsi="http://www.w3.org/2001/XMLSchema-instance" xmlns="http://www.loc.gov/MARC21/slim" xsi:schemaLocation="http://www.loc.gov/MARC21/slim http://www.loc.gov/standards/marcxml/schema/MARC21slim.xsd">

  <leader>00627nam a2200181   4500</leader>
  <controlfield tag="008">160803b2010    mx ||||| |||| 00| | spa d</controlfield>
  <datafield tag="020" ind2=" " ind1=" ">
    <subfield code="a">9786070216008 (UNAM)</subfield>
  </datafield>
  <datafield tag="020" ind2=" " ind1=" ">
    <subfield code="a">9786074022353 (Plaza y Valdés)</subfield>
  </datafield>
  <datafield tag="090" ind1=" " ind2=" ">
    <subfield code="a">06.03.06</subfield>
    <subfield code="b">2360</subfield>
  </datafield>
  <datafield ind1="1" ind2=" " tag="100">
    <subfield code="9">1923</subfield>
    <subfield code="a">Marsiske Schulte, Renate</subfield>
  </datafield>
  <datafield ind2="3" ind1="1" tag="245">
    <subfield code="a">La universidad de México : un recorrido histórico de la época colonial al presente /</subfield>
    <subfield code="c">Renate Marsiske Schulte</subfield>
  </datafield>
  <datafield ind1=" " ind2=" " tag="260">
    <subfield code="a">México :</subfield>
    <subfield code="b">Universidad Nacional Autónoma de México,</subfield>
    <subfield code="c">2010</subfield>
  </datafield>
  <datafield ind1=" " ind2=" " tag="300">
    <subfield code="a">326 páginas</subfield>
  </datafield>
  <datafield tag="650" ind1="1" ind2="4">
    <subfield code="9">8</subfield>
    <subfield code="a">EDUCACIÓN SUPERIOR</subfield>
  </datafield>
  <datafield tag="650" ind2="4" ind1="1">
    <subfield code="9">16</subfield>
    <subfield code="a">UNIVERSIDADES </subfield>
  </datafield>
  <datafield tag="651" ind2="4" ind1=" ">
    <subfield code="9">19</subfield>
    <subfield code="a">MÉXICO</subfield>
  </datafield>
  <datafield ind2=" " ind1=" " tag="942">
    <subfield code="2">z</subfield>
    <subfield code="c">01</subfield>
  </datafield>
  <datafield tag="999" ind2=" " ind1=" ">
    <subfield code="c">3298</subfield>
    <subfield code="d">3298</subfield>
  </datafield>
</record>